@misc{clsag,
      author = {Brandon Goodell and Sarang Noether and Arthur Blue},
      title = {Concise Linkable Ring Signatures and Forgery Against Adversarial Keys},
      howpublished = {Cryptology ePrint Archive, Paper 2019/654},
      year = {2019},
      note = {\url{https://eprint.iacr.org/2019/654}},
      url = {https://eprint.iacr.org/2019/654}
}

@misc{lsag,
      author = {Joseph K.  Liu and Victor K.  Wei and Duncan S.  Wong},
      title = {Linkable Spontaneous Anonymous Group Signature for Ad Hoc Groups},
      howpublished = {Cryptology ePrint Archive, Paper 2004/027},
      year = {2004},
      note = {\url{https://eprint.iacr.org/2004/027}},
      url = {https://eprint.iacr.org/2004/027}
}
